@misc{theEngineeringToolbox, 
	title="Convective Heat Transfer", url="http://www.engineeringtoolbox.com/convective-heat-transfer-d_430.html, 
	journal="The Engineering ToolBox",
}

