@online{waterDensity,
	title = {Water - Density and Specific Weight},
	date = {13/04/2017},
	url = {http://www.engineeringtoolbox.com/water-density-specific-weight-d_595.html},
}

@online{waterHeatCap,
	title = {Water - Density and Specific Weight},
	date = {13/04/2017},
	url = {http://www.engineeringtoolbox.com/water-thermal-properties-d_162.html},
}

@online{polystyreneBottle,
	title = {IWAKI cell biology},
	date = {13/04/2017},
	url = {http://www.well.ox.ac.uk/_asset/file/the-iwaki-confocal-petri-dish-for-live-cell.pdf},
}

@online{polystyreneConductivity,
	title = {Polystyrene (PS) Typical Properties Generic PS (HIPS) | UL Prospector},
	date = {13/04/2017},
	url = {https://plastics.ulprospector.com/generics/43/c/t/polystyrene-ps-properties-processing/sp/4},
}
