
@book{martin,
	author = {Martin},
	title = {safdsadf},
	date = {aslkfdsadkmf},
}
